<?xml version="1.0" encoding="UTF-8"?><record xmlns="http://www.loc.gov/MARC21/slim" xmlns:cinclude="http://apache.org/cocoon/include/1.0" xmlns:zs="http://www.loc.gov/zing/srw/">
  <leader>00597nz  a2200157n  4500</leader>
  <controlfield tag="001">nr 93009589 </controlfield>
  <controlfield tag="003">DLC</controlfield>
  <controlfield tag="005">19930320103135.4</controlfield>
  <controlfield tag="008">930315n| acannaab|          |n aaa     c</controlfield>
  <datafield tag="010" ind1=" " ind2=" ">
    <subfield code="a">nr 93009589 </subfield>
  </datafield>
  <datafield tag="040" ind1=" " ind2=" ">
    <subfield code="a">MWA</subfield>
    <subfield code="c">MWA</subfield>
  </datafield>
  <datafield tag="100" ind1="1" ind2="0">
    <subfield code="a">Wells, Charles,</subfield>
    <subfield code="d">1786-1866</subfield>
  </datafield>
  <datafield tag="670" ind1=" " ind2=" ">
    <subfield code="a">Boston, May 24th, 1832. Sir, we take the liberty, 1832:</subfield>
    <subfield code="b">p. 2 (Charles Wells)</subfield>
  </datafield>
  <datafield tag="670" ind1=" " ind2=" ">
    <subfield code="a">NUC pre-1956</subfield>
    <subfield code="b">(Wells, Charles)</subfield>
  </datafield>
  <datafield tag="670" ind1=" " ind2=" ">
    <subfield code="a">Jewett, C.F. Memorial history of Boston, 1881:</subfield>
    <subfield code="b">v. 3, p. 236 (Charles Wells; mayor of Boston 1832-33; b. 12/30/1786)</subfield>
  </datafield>
  <datafield tag="670" ind1=" " ind2=" ">
    <subfield code="a">Mayors of Boston, 1914:</subfield>
    <subfield code="b">p. 11 (Charles Wells; d. 6/23/1866)</subfield>
  </datafield>
</record>